2352 4148
134 307 188 374 viii
441 301 771 378 PRAEFATIO.

133 493 256 572 geatur,
271 479 342 546 baec
356 479 570 546 additamenta
583 500 757 568 nunquam,
777 477 838 543 nisi
859 477 988 566 quidem
1001 477 1079 546 hinc

132 593 218 673 inde,
234 593 290 658 ubi
304 593 406 658 tenuis
421 614 528 657 rerum
543 591 720 657 differentia
728 589 910 679 plusculum
923 589 1079 676 interpre*

133 705 260 771 tationis
271 704 331 771 sibi
337 703 521 793 postularet,
528 703 622 769 lineae
633 703 805 769 terminum
816 713 975 790 superant
1000 701 1079 768 Hoc

133 819 271 907 spatium
284 818 407 898 lubens,
424 818 535 898 sciens,
552 817 715 905 occupavi.
740 816 792 882 Ne
803 816 881 906 quid
890 817 976 881 enim
986 817 1079 882 vacui

133 929 246 997 adesse
259 928 355 996 volui.

177 1042 363 1130 Synonyma
373 1040 489 1120 amnia,
502 1040 661 1128 superflua
672 1038 803 1106 omnino
811 1037 1080 1126 prodeambulan-

133 1153 227 1231 tibus,
240 1152 350 1218 omisi:
366 1173 480 1239 nempe
490 1150 562 1217 haec
571 1162 647 1239 post
654 1149 771 1216 itinera
779 1150 868 1216 domi
876 1147 988 1215 sedulo
1003 1169 1079 1213 con·

131 1261 263 1328 ferenda
276 1263 358 1342 volo,
382 1275 415 1329 et
435 1261 665 1351 perpendenda
685 1285 727 1328 ex
750 1260 846 1327 Flora
864 1259 943 1348 ipsi,
959 1259 994 1324 in
1015 1257 1079 1347 qur‘a

132 1375 227 1440 etiam
241 1373 469 1462 descriptiones
482 1374 683 1463 prolixiores,
699 1385 768 1439 tum
776 1371 1011 1438 observationes
1022 1370 1080 1435 ab·

134 1487 309 1566 solutiores,
327 1484 422 1575 quam
437 1509 515 1575 quas
529 1488 564 1551 in
583 1485 645 1552 hoc
662 1485 863 1572 Compendio
877 1483 966 1550 licuit
980 1505 1079 1570 expo·

122 1615 220 1678 nere,
237 1599 409 1664 elaboravi.

134 1843 139 1848 .
205 1793 307 1852 Dabam
318 1795 450 1864 Noavrcr,

135 1890 186 1948 Dia
197 1893 287 1950 x‘Cal.
298 1893 402 1967 Aprilis,
416 1911 515 1950 unccc.

541 2093 670 2129 -ο-

178 2256 219 2321 In
232 2254 293 2322 haic
308 2259 420 2345 quarta
434 2259 581 2339 editione,
597 2256 640 2323 ad
658 2256 756 2323 finem
770 2254 854 2323 tertii
877 2238 984 2324 1⁴'lorae
1005 2257 1078 2324 Bri-

122 2347 269 2433 -taniricae
277 2368 445 2436 voluminis
454 2369 593 2449 extensa,
600 2369 719 2456 species
728 2368 812 2435 ultra
822 2368 965 2449 ducenae,
975 2390 1080 2465 nuper

133 2479 271 2544 inventae
292 2480 343 2545 vel
364 2480 593 2560 determinatae,
615 2481 755 2569 propriis
779 2480 859 2546 locis
884 2481 1079 2547 inseruntur.

135 2587 203 2654 Hae
216 2588 404 2679 plerumque
418 2616 460 2659 ex
469 2592 610 2680 ejusdem
621 2591 758 2658 auctoris
773 2591 933 2678 operibus,
945 2593 1080 2679 English

133 2701 261 2787 Botaay
285 2711 317 2765 et
338 2705 472 2790 English
490 2706 598 2784 Flora,
622 2715 782 2790 excerpta
796 2715 879 2769 sunt.
926 2702 993 2770 Sub
1016 2703 1080 2770 sinss

134 2812 220 2900 gulae
234 2813 349 2898 speciei
363 2816 492 2881 nomine
507 2813 666 2902 specifico,
681 2837 740 2902 per
763 2807 866 2880 totum
885 2812 972 2880 hunc
986 2814 1079 2880 libel·

133 2922 309 3025 lum,illius
323 2926 428 3010 operis
442 2927 604 2993 volumina
618 2939 650 2994 et
664 2926 781 2993 tabulae
796 2925 942 2992 citantur.

238 3123 339 3182 Dabam
350 3124 379 3184 N
380 3143 481 3194 onvrcr,

135 3234 198 3282 xvu
210 3217 268 3274 cu.
280 3197 412 3292 Octobris,
422 3241 595 3283 uncccxxrv.
